<record><leader>00000cas a22000007a 4500</leader><controlfield tag="001">35871343</controlfield><controlfield tag="008">961109d19111911okumr n       0    0eng d</controlfield><datafield ind1=" " ind2=" " tag="010"><subfield code="a">sn 96093145 </subfield></datafield><datafield ind1=" " ind2=" " tag="040"><subfield code="a">OBN</subfield><subfield code="b">eng</subfield><subfield code="c">OBN</subfield><subfield code="d">OCLCQ</subfield><subfield code="d">OCLCO</subfield></datafield><datafield ind1="1" ind2=" " tag="029"><subfield code="a">AU@</subfield><subfield code="b">000012911385</subfield></datafield><datafield ind1=" " ind2=" " tag="042"><subfield code="a">msc</subfield></datafield><datafield ind1=" " ind2=" " tag="043"><subfield code="a">n-us-ok</subfield></datafield><datafield ind1="0" ind2=" " tag="130"><subfield code="a">Farmer's voice (Foyil, Okla.)</subfield></datafield><datafield ind1="1" ind2="4" tag="245"><subfield code="a">The farmer's voice.</subfield></datafield><datafield ind1="3" ind2=" " tag="246"><subfield code="a">East Oklahoma farmer</subfield></datafield><datafield ind1=" " ind2=" " tag="260"><subfield code="a">Foyil City, Okla. :</subfield><subfield code="b">William R. Harper</subfield></datafield><datafield ind1=" " ind2=" " tag="300"><subfield code="a">v.</subfield></datafield><datafield ind1=" " ind2=" " tag="310"><subfield code="a">Monthly</subfield></datafield><datafield ind1="0" ind2=" " tag="362"><subfield code="a">No. 58 (Mar., 1911)-no. 59 (Apr. 1911).</subfield></datafield><datafield ind1=" " ind2="0" tag="651"><subfield code="a">Foyil (Okla.)</subfield><subfield code="v">Newspapers.</subfield></datafield><datafield ind1=" " ind2="0" tag="651"><subfield code="a">Rogers County (Okla.)</subfield><subfield code="v">Newspapers.</subfield></datafield><datafield ind1=" " ind2=" " tag="752"><subfield code="a">United States</subfield><subfield code="b">Oklahoma</subfield><subfield code="c">Rogers</subfield><subfield code="d">Foyil.</subfield></datafield><datafield ind1="0" ind2="0" tag="780"><subfield code="t">Foyil city leader</subfield><subfield code="w">(DLC)sn 96093144</subfield><subfield code="w">(OCoLC)35871337</subfield></datafield><datafield ind1="0" ind2="0" tag="785"><subfield code="t">Farmer's voice and Rogers County leader</subfield><subfield code="w">(DLC)sn 96093146</subfield><subfield code="w">(OCoLC)35871352</subfield></datafield></record>